% $Id: ghc-parallel-tuning.bib#1 2009/04/22 10:31:00 REDMOND\\satnams $
% $Source: //depot/satnams/haskell/ThreadScope/papers/haskell_symposium_2009/ghc-parallel-tuning.bib $


@phdthesis{loidl,
  author = "H-W. Loidl",
  title = "Granularity in Large-Scale Parallel Functional Programming",
  school = "Department of Computing Science, University of Glasgow",
  year = 1998,
  month = Mar
}